@article{giovannini2021postulado,
  title =        {Sobre el Postulado de De Zolt en tres dimensiones},
  author =       {Giovannini, Eduardo Nicol{\'a}s and Lassalle
                  Casanave, Abel and Haeusler, Edward H},
  year =         2021,
  journal =      {O que nos faz pensar},
  volume =       29,
  number =       49,
  publisher =    {Pontif{\'\i}cia Universidade Cat{\'o}lica do Rio
                  de Janeiro}
}

@article{giovannini2022zolt,
  title =        {De ZOLT’S POSTULATE: AN ABSTRACT APPROACH},
  volume =       15,
  OPTDOI =          {10.1017/S1755020319000339},
  number =       1,
  journal =      {The Review of Symbolic Logic},
  publisher =    {Cambridge University Press},
  author =       {Giovannini, Eduardo N. and Haeusler, Edward H. and
                  Lassalle-Casanave, Abel and Veloso, Paulo A. S.},
  year =         2022,
  pages =        {197–224}
}

@inproceedings{demoura2015lean,
  title =        {The {Lean} theorem prover (system description)},
  author =       {de Moura, Leonardo and Kong, Soonho and Avigad,
                  Jeremy and Van Doorn, Floris and von Raumer,
                  Jakob},
  booktitle =    {International Conference on Automated Deduction},
  pages =        {378--388},
  year =         2015,
  organization = {Springer}
}

@InProceedings{demoura21lean4,
  author =       "Moura, Leonardo de and Ullrich, Sebastian",
  editor =       "Platzer, Andr{\'e} and Sutcliffe, Geoff",
  title =        "The Lean 4 Theorem Prover and Programming
                  Language",
  booktitle =    "Automated Deduction -- CADE 28",
  year =         2021,
  publisher =    "Springer International Publishing",
  address =      "Cham",
  pages =        "625--635",
  isbn =         "978-3-030-79876-5"
}
